@INPROCEEDINGS{es6, 
author={A. Paltoglou and V. E. Zafeiris and E. A. Giakoumakis and N. A. Diamantidis}, 
booktitle={2018 IEEE 25th International Conference on Software Analysis, Evolution and Reengineering (SANER)}, 
title={Automated refactoring of client-side JavaScript code to ES6 modules}, 
year={2018}, 
volume={}, 
number={}, 
pages={402-412}, 
keywords={Internet;Java;authoring languages;hypermedia markup languages;online front-ends;program diagnostics;software maintenance;software reusability;ECMAScript 6 revision;ES6 module;JS files;WALA libraries;automated refactoring;client-side JavaScript code;client-side web applications;code reusability;desktop web browser;dynamic HTML pages;embedded hosts;full-scale applications;global declarations;global variables;linked JS script;maintainability;mobile hosts;module definitions;open source projects;runtime platforms;server hosts;web application;web page;Computer bugs;Computer languages;Dynamic programming;Runtime;Static analysis;Syntactics;Tools;Client-side JavaScript;ES6 Modules;Global variables;Refactoring}, 
doi={10.1109/SANER.2018.8330227}, 
ISSN={}, 
month={March},}

@INPROCEEDINGS{jsnose, 
author={A. M. Fard and A. Mesbah}, 
booktitle={2013 IEEE 13th International Working Conference on Source Code Analysis and Manipulation (SCAM)}, 
title={JSNOSE: Detecting JavaScript Code Smells}, 
year={2013}, 
volume={}, 
number={}, 
pages={116-125}, 
keywords={Internet;Java;program debugging;CSS languages;HTML languages;JSNOSE technique;JavaScript code smells detection technique;interactive Web applications;prototype-based scripting language;refactoring;Cascading style sheets;Conferences;HTML;Measurement;Prototypes;Reactive power;Runtime;JavaScript;code smell;smell detection;web applications}, 
doi={10.1109/SCAM.2013.6648192}, 
ISSN={}, 
month={Sept},}

@inproceedings{automatic,
 author = {Kashyap, Vineeth and Sarracino, John and Wagner, John and Wiedermann, Ben and Hardekopf, Ben},
 title = {Type Refinement for Static Analysis of JavaScript},
 booktitle = {Proceedings of the 9th Symposium on Dynamic Languages},
 series = {DLS '13},
 year = {2013},
 isbn = {978-1-4503-2433-5},
 location = {Indianapolis, Indiana, USA},
 pages = {17--26},
 numpages = {10},
 url = {http://doi.acm.org/10.1145/2508168.2508175},
 doi = {10.1145/2508168.2508175},
 acmid = {2508175},
 publisher = {ACM},
 address = {New York, NY, USA},
 keywords = {javascript, static analysis, type-error analysis},
} 

@inproceedings{tool,
  title={Tool-supported refactoring for JavaScript},
  author={Asger Feldthaus and Todd D. Millstein and Anders Moller and Max Schafer and Frank Tip},
  booktitle={OOPSLA},
  year={2011}
}

@inproceedings{type-refinement,
 author = {Kashyap, Vineeth and Sarracino, John and Wagner, John and Wiedermann, Ben and Hardekopf, Ben},
 title = {Type Refinement for Static Analysis of JavaScript},
 booktitle = {Proceedings of the 9th Symposium on Dynamic Languages},
 series = {DLS '13},
 year = {2013},
 isbn = {978-1-4503-2433-5},
 location = {Indianapolis, Indiana, USA},
 pages = {17--26},
 numpages = {10},
 url = {http://doi.acm.org/10.1145/2508168.2508175},
 doi = {10.1145/2508168.2508175},
 acmid = {2508175},
 publisher = {ACM},
 address = {New York, NY, USA},
 keywords = {javascript, static analysis, type-error analysis},
}